<record><leader>02356nam a2200517 i 4500</leader><controlfield tag="001">6809370</controlfield><controlfield tag="003">MiAaPQ</controlfield><controlfield tag="006">m     o  d |      </controlfield><controlfield tag="007">cr cnu||||||||</controlfield><controlfield tag="008">150130t20152015enkao   o     001 0 eng d</controlfield><datafield ind1=" " ind2=" " tag="020"><subfield code="z">9781783554515</subfield></datafield><datafield ind1=" " ind2=" " tag="020"><subfield code="a">9781783554522 (e-book)</subfield></datafield><datafield ind1=" " ind2=" " tag="035"><subfield code="a">ocn903962469</subfield></datafield><datafield ind1=" " ind2=" " tag="039"><subfield code="a">exclude</subfield></datafield><datafield ind1=" " ind2=" " tag="040"><subfield code="a">MiAaPQ</subfield><subfield code="b">eng</subfield><subfield code="e">rda</subfield><subfield code="e">pn</subfield><subfield code="c">MiAaPQ</subfield><subfield code="d">MiAaPQ</subfield><subfield code="d">AEU</subfield></datafield><datafield ind1=" " ind2="4" tag="050"><subfield code="a">TK7870</subfield><subfield code="b">.P748 2015</subfield></datafield><datafield ind1="0" ind2=" " tag="082"><subfield code="a">621.381</subfield><subfield code="2">23</subfield></datafield><datafield ind1=" " ind2=" " tag="090"><subfield code="a">Internet Access</subfield><subfield code="b">AEVC</subfield></datafield><datafield ind1=" " ind2=" " tag="090"><subfield code="a">Internet Access</subfield><subfield code="b">AOAC</subfield></datafield><datafield ind1=" " ind2=" " tag="090"><subfield code="a">Internet Access</subfield><subfield code="b">AEGMCT</subfield></datafield><datafield ind1=" " ind2=" " tag="090"><subfield code="a">Internet Access</subfield><subfield code="b">AEU</subfield></datafield><datafield ind1="1" ind2=" " tag="100"><subfield code="a">Pretty, Bill,</subfield><subfield code="e">author.</subfield></datafield><datafield ind1="1" ind2="0" tag="245"><subfield code="a">Getting started with ectronic projects :</subfield><subfield code="b">build thrilling and intricate electronic projects using LM555, ZigBee, and BeagleBone /</subfield><subfield code="c">Bill Pretty.</subfield></datafield><datafield ind1=" " ind2="1" tag="264"><subfield code="a">Birmingham, England :</subfield><subfield code="b">Packt Publishing,</subfield><subfield code="c">2015.</subfield></datafield><datafield ind1=" " ind2="4" tag="264"><subfield code="c">&#169;2015</subfield></datafield><datafield ind1=" " ind2=" " tag="300"><subfield code="a">1 online resource (176 pages) :</subfield><subfield code="b">illustrations, photographs.</subfield></datafield><datafield ind1=" " ind2=" " tag="336"><subfield code="a">text</subfield><subfield code="2">rdacontent</subfield></datafield><datafield ind1=" " ind2=" " tag="337"><subfield code="a">computer</subfield><subfield code="b">c</subfield><subfield code="2">rdamedia</subfield></datafield><datafield ind1=" " ind2=" " tag="338"><subfield code="a">online resource</subfield><subfield code="b">cr</subfield><subfield code="2">rdacarrier</subfield></datafield><datafield ind1="1" ind2=" " tag="490"><subfield code="a">Community Experience Distilled</subfield></datafield><datafield ind1=" " ind2=" " tag="500"><subfield code="a">Includes index.</subfield></datafield><datafield ind1=" " ind2=" " tag="506"><subfield code="a">Access restricted to authorized users and institutions.</subfield></datafield><datafield ind1=" " ind2=" " tag="588"><subfield code="a">Description based on online resource; title from PDF title page (ebrary, viewed January 30, 2015).</subfield></datafield><datafield ind1=" " ind2=" " tag="596"><subfield code="a">3 33 44</subfield></datafield><datafield ind1=" " ind2="0" tag="650"><subfield code="a">Electronic systems.</subfield></datafield><datafield ind1=" " ind2="0" tag="650"><subfield code="a">Systems software.</subfield></datafield><datafield ind1=" " ind2="0" tag="830"><subfield code="a">Community experience distilled.</subfield></datafield><datafield ind1="4" ind2="0" tag="856"><subfield code="3">NorQuest College Access</subfield><subfield code="u">http://ebookcentral.proquest.com/lib/norquest-ebooks/detail.action?docID=1920878</subfield><subfield code="z">from Ebook Central College Complete</subfield></datafield><datafield ind1="4" ind2="0" tag="856"><subfield code="3">Olds College Access</subfield><subfield code="u">http://ebookcentral.proquest.com/lib/oldscollege/detail.action?docID=1920878</subfield><subfield code="z">from Ebook Central College Complete</subfield></datafield><datafield ind1="4" ind2="0" tag="856"><subfield code="3">University of Alberta Access</subfield><subfield code="u">http://proquest.safaribooksonline.com/?uiCode=ualberta&amp;xmlId=9781783554515</subfield></datafield><datafield ind1=" " ind2=" " tag="949"><subfield code="h">UAIN</subfield><subfield code="m">NORQ_MAIN</subfield><subfield code="z">EBCCOLNQ</subfield></datafield><datafield ind1=" " ind2=" " tag="949"><subfield code="h">UAIN</subfield><subfield code="m">OLDS</subfield><subfield code="z">EBCCOLOLD</subfield></datafield><datafield ind1=" " ind2=" " tag="919"><subfield code="a">EBC1920878</subfield></datafield><datafield ind1=" " ind2=" " tag="926"><subfield code="a">Internet Access</subfield><subfield code="w">LC</subfield><subfield code="c">1</subfield><subfield code="i">6809370-1001</subfield><subfield code="l">INTERNET</subfield><subfield code="m">UAINTERNET</subfield><subfield code="r">Y</subfield><subfield code="s">Y</subfield><subfield code="t">E-RESOURCE</subfield><subfield code="u">2/23/2015</subfield><subfield code="x">E-BOOK</subfield><subfield code="z">SAFARI</subfield></datafield><datafield ind1=" " ind2=" " tag="926"><subfield code="a">Internet Access</subfield><subfield code="w">LC</subfield><subfield code="c">1</subfield><subfield code="i">6809370-3001</subfield><subfield code="l">INTERNET</subfield><subfield code="m">NORQ_MAIN</subfield><subfield code="r">Y</subfield><subfield code="s">Y</subfield><subfield code="t">E-RESOURCE</subfield><subfield code="u">4/5/2017</subfield><subfield code="x">E-BOOK</subfield><subfield code="z">EBCCOLNQ</subfield></datafield><datafield ind1=" " ind2=" " tag="926"><subfield code="a">Internet Access</subfield><subfield code="w">LC</subfield><subfield code="c">1</subfield><subfield code="i">6809370-4001</subfield><subfield code="l">INTERNET</subfield><subfield code="m">OLDS</subfield><subfield code="r">Y</subfield><subfield code="s">Y</subfield><subfield code="t">E-RESOURCE</subfield><subfield code="u">4/5/2017</subfield><subfield code="x">E-BOOK</subfield><subfield code="z">EBCCOLOLD</subfield></datafield></record>